@incollection {springerlink:10.1007/978-3-540-74024-7_10,
   author = {Dawei, Jiang and Shiyuan, Wang},
   affiliation = {Department of Computer Science and Technology, Southeast University, P.R.China},
   title = {Using the Simulated Annealing Algorithm for Multiagent Decision Making},
   booktitle = {RoboCup 2006: Robot Soccer World Cup X},
   series = {Lecture Notes in Computer Science},
   editor = {Lakemeyer, Gerhard and Sklar, Elizabeth and Sorrenti, Domenico and Takahashi, Tomoichi},
   publisher = {Springer Berlin / Heidelberg},
   isbn = {978-3-540-74023-0},
   keyword = {Computer Science},
   pages = {110-121},
   volume = {4434},
   url = {http://dx.doi.org/10.1007/978-3-540-74024-7_10},
   note = {10.1007/978-3-540-74024-7_10},
   year = {2007}
}