@incollection{neuroHassleDefence,   author = {Gabel, Thomas and Riedmiller, Martin and Trost, Florian},   affiliation = {Neuroinformatics Group Institute of Mathematics and Computer Science Institute of Cognitive Science, University of Osnabrück, 49069 Osnabrück, Germany},   title = {A Case Study on Improving Defense Behavior in Soccer Simulation 2D: The NeuroHassle Approach},   booktitle = {RoboCup 2008: Robot Soccer World Cup XII},   series = {Lecture Notes in Computer Science},   editor = {Iocchi, Luca and Matsubara, Hitoshi and Weitzenfeld, Alfredo and Zhou, Changjiu},   publisher = {Springer Berlin / Heidelberg},   isbn = {978-3-642-02920-2},   keyword = {Computer Science},   pages = {61-72},   volume = {5399},   url = {http://dx.doi.org/10.1007/978-3-642-02921-9_6},   note = {10.1007/978-3-642-02921-9_6},   year = {2009}}@INPROCEEDINGS{hybridEvolutionRoutePlanning,author={Lai Wei Lup and Srinivasan, D.},booktitle={Evolutionary Computation, 2007. CEC 2007. IEEE Congress on},title={A hybrid evolutionary algorithm for dynamic route planning},year={2007},month={sept.},volume={},number={},pages={4743 -4749},keywords={dynamic route planning;fuzzy logic implementation;genetic algorithm;graph partitioning algorithm;hybrid evolutionary algorithm;optimization;fuzzy logic;genetic algorithms;graph theory;transportation;},doi={10.1109/CEC.2007.4425094},ISSN={},}@INPROCEEDINGS{psoRouting,author={Qing Zhu and Limin Qian and Yingchun Li and Shanjun Zhu},booktitle={Evolutionary Computation, 2006. CEC 2006. IEEE Congress on},title={An Improved Particle Swarm Optimization Algorithm for Vehicle Routing Problem with Time Windows},year={2006},month={0-0 },volume={},number={},pages={1386 -1390},keywords={bird flocking social behavior;collaborative population-based search;distribution system;fish schooling;global search method;improved particle swarm optimization algorithm;neighboring experience;time windows;transportation system;vehicle routing problem;distribution strategy;particle swarm optimisation;search problems;transportation;},doi={10.1109/CEC.2006.1688470},ISSN={},}@incollection {intelligentAlgorithmPathPlanning,   author = {Sarkar, Soumic and Shome, Sankar Nath and Nandy, S.},   affiliation = {Robotics and Automation Central Mechanical Engineering Research Institute, CSIR, Durgapur, India},   title = {An Intelligent Algorithm for the Path Planning of Autonomous Mobile Robot for Dynamic Environment},   booktitle = {Trends in Intelligent Robotics},   series = {Communications in Computer and Information Science},   editor = {Vadakkepat, Prahlad and Kim, Jong-Hwan and Jesse, Norbert and Mamun, Abdullah Al and Kiong, Tan Kok and Baltes, Jacky and Anderson, John and Verner, Igor and Ahlgren, David},   publisher = {Springer Berlin Heidelberg},   isbn = {978-3-642-15810-0},   keyword = {Computer Science},   pages = {202-209},   volume = {103},   url = {http://dx.doi.org/10.1007/978-3-642-15810-0_26},   note = {10.1007/978-3-642-15810-0_26},   year = {2010}}@INPROCEEDINGS{artificialImmuneSystemCooperation,author={Guan-Chun Luh and Chun-Yin Wu and Wei-Wen Liu},booktitle={Strategic Technology, The 1st International Forum on},title={Artificial Immune System based Cooperative Strategies for Robot Soccer Competition},year={2006},month={oct.},volume={},number={},pages={76 -79},keywords={FIRA;SimuroSot Middle league;artificial immune system;cooperative strategies;layered immune network;robot soccer competition;mobile robots;multi-agent systems;multi-robot systems;},doi={10.1109/IFOST.2006.312251},ISSN={},}@incollection {balancingGainsRisksCostsPassing,   author = {Kyrylov, Vadim},   affiliation = {Simon Fraser University – Surrey, Surrey, British Columbia V3T 2W1, Canada},   title = {Balancing Gains, Risks, Costs, and Real-Time Constraints in the Ball Passing Algorithm for the Robotic Soccer},   booktitle = {RoboCup 2006: Robot Soccer World Cup X},   series = {Lecture Notes in Computer Science},   editor = {Lakemeyer, Gerhard and Sklar, Elizabeth and Sorrenti, Domenico and Takahashi, Tomoichi},   publisher = {Springer Berlin / Heidelberg},   isbn = {978-3-540-74023-0},   keyword = {Computer Science},   pages = {304-313},   volume = {4434},   url = {http://dx.doi.org/10.1007/978-3-540-74024-7_27},   note = {10.1007/978-3-540-74024-7_27},   year = {2007}}@incollection {fastDipPathGeneration,   author = {Hibino, Shinya and Kodama, Yukiharu and Nagasaka, Yasunori and Takahashi, Tomoichi and Murakami, Kazuhito and Naruse, Tadashi},   affiliation = {Aichi Prefectural University, Nagakute-cho, Aichi, 480-1198 Japan},   title = {Fast Image Processing and Flexible Path Generation System for RoboCup Small Size League},   booktitle = {RoboCup 2002: Robot Soccer World Cup VI},   series = {Lecture Notes in Computer Science},   editor = {Kaminka, Gal and Lima, Pedro and Rojas, Raúl},   publisher = {Springer Berlin / Heidelberg},   isbn = {978-3-540-40666-2},   keyword = {Computer Science},   pages = {53-64},   volume = {2752},   url = {http://dx.doi.org/10.1007/978-3-540-45135-8_5},   note = {10.1007/978-3-540-45135-8_5},   year = {2003}}@incollection {modellingHumanDecisionMaking,   author = {Dorer, Klaus},   affiliation = {Hochschule Offenburg, Elektrotechnik-Informationstechnik, Germany},   title = {Modeling Human Decision Making Using Extended Behavior Networks},   booktitle = {RoboCup 2009: Robot Soccer World Cup XIII},   series = {Lecture Notes in Computer Science},   editor = {Baltes, Jacky and Lagoudakis, Michail and Naruse, Tadashi and Ghidary, Saeed},   publisher = {Springer Berlin / Heidelberg},   isbn = {978-3-642-11875-3},   keyword = {Computer Science},   pages = {81-91},   volume = {5949},   url = {http://dx.doi.org/10.1007/978-3-642-11876-0_8},   note = {10.1007/978-3-642-11876-0_8},   year = {2010}}@incollection {rendezvousAlgorithm,   author = {Das, Kaushik and Ghose, Debasish},   affiliation = {Dept. of AE, Indian Institute of Science, GCDSL, Bangalore, India},   title = {Multi-Agent Rendezvous Algorithm with Rectilinear Decision Domain},   booktitle = {Trends in Intelligent Robotics},   series = {Communications in Computer and Information Science},   editor = {Vadakkepat, Prahlad and Kim, Jong-Hwan and Jesse, Norbert and Mamun, Abdullah Al and Kiong, Tan Kok and Baltes, Jacky and Anderson, John and Verner, Igor and Ahlgren, David},   publisher = {Springer Berlin Heidelberg},   isbn = {978-3-642-15810-0},   keyword = {Computer Science},   pages = {162-169},   volume = {103},   url = {http://dx.doi.org/10.1007/978-3-642-15810-0_21},   note = {10.1007/978-3-642-15810-0_21},   year = {2010}}@incollection {multiagentsDynamicBoxChange,   author = {Hajduk, Mikulas and Sukop, Marek},   affiliation = {Technical University of Kosice Faculty of Mechanical Engineering, Department of manufacturing system and robotic B. Nemcovej 32 042 00 Kosice Slovakia},   title = {Multiagents System with Dynamic Box Change for MiroSot},   booktitle = {Progress in Robotics},   series = {Communications in Computer and Information Science},   editor = {Kim, Jong-Hwan and Ge, Shuzhi Sam and Vadakkepat, Prahlad and Jesse, Norbert and Al Manum, Abdullah and Puthusserypady K, Sadasivan and Rückert, Ulrich and Sitte, Joaquin and Witkowski, Ulf and Nakatsu, Ryohei and Braunl, Thomas and Baltes, Jacky and Anderson, John and Wong, Ching-Chang and Verner, Igor and Ahlgren, David},   publisher = {Springer Berlin Heidelberg},   isbn = {978-3-642-03986-7},   keyword = {Computer Science},   pages = {287-292},   volume = {44},   url = {http://dx.doi.org/10.1007/978-3-642-03986-7_34},   note = {10.1007/978-3-642-03986-7_34},   year = {2009}}@INPROCEEDINGS{psoForUAV,author={Li, S. and Xiuxia Sun and Yuejian Xu},booktitle={Information Acquisition, 2006 IEEE International Conference on},title={Particle Swarm Optimization for Route Planning of Unmanned Aerial Vehicles},year={2006},month={aug.},volume={},number={},pages={1213 -1218},keywords={PSO search strategy;UAV;fuzzy technique;particle swarm optimization;route-planning problem;unmanned aerial;aircraft control;fuzzy set theory;particle swarm optimisation;path planning;remotely operated vehicles;search problems;},doi={10.1109/ICIA.2006.305920},ISSN={},}@incollection {limitCycleNavigation,   author = {Lim, Y. W. and Kim, Y. H. and An, J. U. and Kim, D. H.},   affiliation = {Department of Electronics and Information, Kyunghee University, Seocheon-Dong, Kiheung-Gu, Yongin-Si, 449-701 South Korea},   title = {Path Planning Algorithm Based on the Limit-Cycle Navigation Method Applied to the Edge of Obstacles},   booktitle = {Trends in Intelligent Robotics},   series = {Communications in Computer and Information Science},   editor = {Vadakkepat, Prahlad and Kim, Jong-Hwan and Jesse, Norbert and Mamun, Abdullah Al and Kiong, Tan Kok and Baltes, Jacky and Anderson, John and Verner, Igor and Ahlgren, David},   publisher = {Springer Berlin Heidelberg},   isbn = {978-3-642-15810-0},   keyword = {Computer Science},   pages = {226-233},   volume = {103},   url = {http://dx.doi.org/10.1007/978-3-642-15810-0_29},   note = {10.1007/978-3-642-15810-0_29},   year = {2010}}@INPROCEEDINGS{planningCoordinatedMotions,author={Sukhan Lee and DongHun Lee},booktitle={Intelligent Robots and Systems, 2004. (IROS 2004). Proceedings. 2004 IEEE/RSJ International Conference on},title={Planning coordinated motions in robot soccer match},year={2004},month={sept.-2 oct.},volume={4},number={},pages={ 4056 - 4063 vol.4},keywords={ controllable zone; coordinated motion planning; micro robot soccer match; player defensive mode; player offensive mode; robot soccer match; mobile robots; multi-robot systems; path planning;},doi={10.1109/IROS.2004.1390050},ISSN={},}@INPROCEEDINGS{realTimeRandomizedPathPlanning,author={Bruce, J. and Veloso, M.},booktitle={Intelligent Robots and Systems, 2002. IEEE/RSJ International Conference on},title={Real-time randomized path planning for robot navigation},year={2002},month={},volume={3},number={},pages={ 2383 - 2388 vol.3},keywords={ ERRT; adaptive cost penalty search; constraints; execution extended RRT; fast continuous domain path planners; generated path quality; mobile robots; obstacles; path planning; rapidly-exploring random trees; real-time multirobot system; real-time randomized path planning; replanning efficiency; robot capabilities; robot navigation; waypoint cache; mobile robots; path planning; randomised algorithms; real-time systems;},doi={10.1109/IRDS.2002.1041624},ISSN={},}@INPROCEEDINGS{optimizedMultipleRobotsPathPlanning,author={Taixiong Zheng and Xiangyang Zhao},booktitle={Robotics and Biomimetics, 2006. ROBIO '06. IEEE International Conference on},title={Research on Optimized Multiple Robots Path Planning and Task Allocation Approach},year={2006},month={dec.},volume={},number={},pages={1408 -1413},keywords={optimized multiple robots path planning;optimized task allocation scheme;optimized task sequence;star algorithm;mobile robots;multi-robot systems;path planning;},doi={10.1109/ROBIO.2006.340135},ISSN={},}@ARTICLE{robustRealTimeRoutePlanning,author={Szczerba, R.J. and Galkowski, P. and Glicktein, I.S. and Ternullo, N.},journal={Aerospace and Electronic Systems, IEEE Transactions on},title={Robust algorithm for real-time route planning},year={2000},month={jul},volume={36},number={3},pages={869 -878},keywords={cost function;fixed approach vector;intelligent guidance;maximum turning angle;minimum cost route;minimum route leg length;mission-adaptable routes;navigation;real-time;real-time route planning;robust algorithm;route distance constraint;standard algorithms;aerospace computing;computerised navigation;military computing;minimisation;path planning;real-time systems;},doi={10.1109/7.869506},ISSN={0018-9251},}@techreport{intelMatrixInverse,author={Intel Corporation},title={Streaming SIMD Extensions - Inverse of 4x4 Matrix},institution={Intel Corporation},type={Application Note},number={AP-928},year={1999},url={http://download.intel.com/design/PentiumIII/sml/24504301.pdf},}@incollection {taskRoleSelectionStrategy,   author = {Lee, Dong-Hyun and Na, Ki-In and Kim, Jong-Hwan},   affiliation = {Department of Electrical Engineering, KAIST, 355 Gwahangno, Yuseong-gu, Daejeon, Republic of Korea},   title = {Task and Role Selection Strategy for Multi-robot Cooperation in Robot Soccer},   booktitle = {Trends in Intelligent Robotics},   series = {Communications in Computer and Information Science},   editor = {Vadakkepat, Prahlad and Kim, Jong-Hwan and Jesse, Norbert and Mamun, Abdullah Al and Kiong, Tan Kok and Baltes, Jacky and Anderson, John and Verner, Igor and Ahlgren, David},   publisher = {Springer Berlin Heidelberg},   isbn = {978-3-642-15810-0},   keyword = {Computer Science},   pages = {170-177},   volume = {103},   url = {http://dx.doi.org/10.1007/978-3-642-15810-0_22},   note = {10.1007/978-3-642-15810-0_22},   year = {2010}}@incollection {taskBasedFlocking,   author = {He, Hongsheng and Ge, Shuzhi Sam and Tong, Guofeng},   affiliation = {National University of Singapore Singapore 117576 Singapore},   title = {Task-Based Flocking Algorithm for Mobile Robot Cooperation},   booktitle = {Progress in Robotics},   series = {Communications in Computer and Information Science},   editor = {Kim, Jong-Hwan and Ge, Shuzhi Sam and Vadakkepat, Prahlad and Jesse, Norbert and Al Manum, Abdullah and Puthusserypady K, Sadasivan and Rückert, Ulrich and Sitte, Joaquin and Witkowski, Ulf and Nakatsu, Ryohei and Braunl, Thomas and Baltes, Jacky and Anderson, John and Wong, Ching-Chang and Verner, Igor and Ahlgren, David},   publisher = {Springer Berlin Heidelberg},   isbn = {978-3-642-03986-7},   keyword = {Computer Science},   pages = {310-321},   volume = {44},   url = {http://dx.doi.org/10.1007/978-3-642-03986-7_37},   note = {10.1007/978-3-642-03986-7_37},   year = {2009}}@INPROCEEDINGS{fuzzyAntColony,author={Juing-Shian Chiou and Kuo-Yang Wang and Ming-Yuan Shieh},booktitle={Information and Automation, 2009. ICIA '09. International Conference on},title={The optimization of the application of fuzzy ant colony algorithm in soccer robot},year={2009},month={june},volume={},number={},pages={681 -686},keywords={(FIRA);Federation of International Robot Soccer Association;Matlab simulation;fuzzy ant colony algorithm;optimization;predictive control;soccer robot;fuzzy control;mobile robots;multi-robot systems;optimisation;predictive control;},doi={10.1109/ICINFA.2009.5205008},ISSN={},}@incollection {optimalScoringPolicy,   author = {Kok, Jelle and de Boer, Remco and Vlassis, Nikos and Groen, Frans},   affiliation = {Intelligent Autonomous Systems Group, Informatics Institute, Faculty of Science, University of Amsterdam, Kruislaan 403, 1098 SJ Amsterdam, The Netherlands},   title = {Towards an Optimal Scoring Policy for Simulated Soccer Agents},   booktitle = {RoboCup 2002: Robot Soccer World Cup VI},   series = {Lecture Notes in Computer Science},   editor = {Kaminka, Gal and Lima, Pedro and Rojas, Raúl},   publisher = {Springer Berlin / Heidelberg},   isbn = {978-3-540-40666-2},   keyword = {Computer Science},   pages = {296-303},   volume = {2752},   url = {http://dx.doi.org/10.1007/978-3-540-45135-8_24},   note = {10.1007/978-3-540-45135-8_24},   year = {2003}}@incollection {maxPlusAlgorithm,   author = {Kok, Jelle and Vlassis, Nikos},   affiliation = {Informatics Institute, University of Amsterdam, The Netherlands},   title = {Using the Max-Plus Algorithm for Multiagent Decision Making in Coordination Graphs},   booktitle = {RoboCup 2005: Robot Soccer World Cup IX},   series = {Lecture Notes in Computer Science},   editor = {Bredenfeld, Ansgar and Jacoff, Adam and Noda, Itsuki and Takahashi, Yasutake},   publisher = {Springer Berlin / Heidelberg},   isbn = {978-3-540-35437-6},   keyword = {Computer Science},   pages = {1-12},   volume = {4020},   url = {http://dx.doi.org/10.1007/11780519_1},   note = {10.1007/11780519_1},   year = {2006}}@incollection {simulatedAnnealingDecisionMaking,   author = {Dawei, Jiang and Shiyuan, Wang},   affiliation = {Department of Computer Science and Technology, Southeast University, P.R.China},   title = {Using the Simulated Annealing Algorithm for Multiagent Decision Making},   booktitle = {RoboCup 2006: Robot Soccer World Cup X},   series = {Lecture Notes in Computer Science},   editor = {Lakemeyer, Gerhard and Sklar, Elizabeth and Sorrenti, Domenico and Takahashi, Tomoichi},   publisher = {Springer Berlin / Heidelberg},   isbn = {978-3-540-74023-0},   keyword = {Computer Science},   pages = {110-121},   volume = {4434},   url = {http://dx.doi.org/10.1007/978-3-540-74024-7_10},   note = {10.1007/978-3-540-74024-7_10},   year = {2007}}@misc{dreamsparkVS,  author={Microsoft Corporation},  title={Microsoft DreamSpark - Product Visual Studio 2010 Professional},  howpublished={\url{https://www.dreamspark.com/Product/Product.aspx?productid=4}},  year={2012},}@misc{simurosotSim,  author={Federation of International Robot-soccer Association},  title={simurosot},  howpublished={\url{http://fira.net/?mid=simurosot}},  year={2012},}